<?xml version="1.0" encoding="UTF-8"?><collection xmlns="http://www.loc.gov/MARC21/slim"><record><leader>00499nam--2200133-i-4500</leader><controlfield tag="001">000012700</controlfield><controlfield tag="002">20161230</controlfield><controlfield tag="005">20161230201029</controlfield><controlfield tag="008">060222s1000------------r-----000-0-eng-d</controlfield><datafield ind1=" " ind2=" " tag="080"><subfield code="a">621.039.58</subfield></datafield><datafield ind1=" " ind2=" " tag="245"><subfield code="a">Aseismic design and testing of nuclear faci- lities. recommendations of  a panel on ase- ismic design and testing of nuclear facili- ties held in tokyo, japan, 12-16 june 1967</subfield></datafield><datafield ind1=" " ind2=" " tag="260"><subfield code="a">Vienna, International Atomic Energy Agency, 1968 49 P</subfield></datafield><datafield ind1=" " ind2=" " tag="490"><subfield code="a">Technical Report Series</subfield></datafield><datafield ind1=" " ind2=" " tag="852"><subfield code="a">1875</subfield></datafield></record></collection>